<?xml version="1.0" encoding="UTF-8"?><record xmlns="http://www.loc.gov/MARC21/slim" xmlns:cinclude="http://apache.org/cocoon/include/1.0" xmlns:zs="http://www.loc.gov/zing/srw/">
  <leader>00660nz  a2200145n  4500</leader>
  <controlfield tag="001">nr2002023292</controlfield>
  <controlfield tag="003">DLC</controlfield>
  <controlfield tag="005">20020703033116.0</controlfield>
  <controlfield tag="008">020621n| acannaabn          |a aaa     c</controlfield>
  <datafield tag="010" ind1=" " ind2=" ">
    <subfield code="a">nr2002023292</subfield>
  </datafield>
  <datafield tag="040" ind1=" " ind2=" ">
    <subfield code="a">PU-AML</subfield>
    <subfield code="b">eng</subfield>
    <subfield code="c">PU-AML</subfield>
  </datafield>
  <datafield tag="100" ind1="1" ind2=" ">
    <subfield code="a">Schoeck, Othmar,</subfield>
    <subfield code="d">1886-1957.</subfield>
    <subfield code="t">Lieder nach Gedichten von Spitteler, Gamper, Hesse und Keller.</subfield>
    <subfield code="p">Jugendgedenken</subfield>
  </datafield>
  <datafield tag="400" ind1="1" ind2=" ">
    <subfield code="a">Schoeck, Othmar,</subfield>
    <subfield code="d">1886-1957.</subfield>
    <subfield code="t">Jugendgedenken</subfield>
  </datafield>
  <datafield tag="670" ind1=" " ind2=" ">
    <subfield code="a">Schoeck, O. Lieder von Othmar Schoeck [SR] 1960:</subfield>
    <subfield code="b">container (Jugendgedenken)</subfield>
  </datafield>
  <datafield tag="670" ind1=" " ind2=" ">
    <subfield code="a">Vogel, W. Them. Verz. der Werke von O. Schoeck, 1956</subfield>
    <subfield code="b">(op. 24b, Lieder nach Gedichten von Spitteler, Gamper, Hesse und Keller. Nr. 10, Jugendgedenken)</subfield>
  </datafield>
</record>